@Electronic{ JMol,
	title = "Jmol: an open-source Java viewer for chemical structures in 3D",
	howpublished = "Internet",
	month = "April",
	year = "2009",
	url = "http://www.jmol.org/"
}

@Electronic{ PyMOL,
	title = "The PyMOL Molecular Graphics System",
	author = "W. L. {DeLano}",
	year = "2002",
	url = "http://www.pymol.org/"
}

@Article{ VMD,
	title = "{VMD} - Visual Molecular Dynamics",
	author = "W. Humphrey and A. Dalke and K. Schulten",
	journal = "J. Molec. Graphics",
	pages = "33--38",
	volume = "14",
	year = "1996"
}

@Article{ QuteMol,
	title = "Ambient Occlusion and Edge Cueing for Enhancing Real Time Molecular Visualization",
	author = "Marco Tarini and Paolo Cignoni and Claudio Montani",
	journal = "IEEE Transactions on Visualization and Computer Graphics",
	pages = "1237--1244",
	volume = "12",
	number = "5",
	year = "2006",
	issn = "1077-2626",
	doi = "http://dx.doi.org/10.1109/TVCG.2006.115"
}

@Electronic{ BALLView,
	title = "{BALLView}",
	howpublished = "Internet",
	month = "April",
	year = "2009",
	url = "http://www.ballview.org/"
}

@Article{ RasMol,
	title = "RasMol: Biomolecular graphics for all",
	author = "Roger Sayle and E. James Milner-White",
	journal = "Trends in Biochemical Sciences (TIBS)",
	pages = "374",
	volume = "20",
	number = "9",
	month = "September",
	year = "1995"
}

@Misc{ Accelrys,
	title = "Materials Studio",
	year = "2001-2007",
	note = "Accelrys Software Inc."
}

@Electronic{ CrystalMaker,
	title = "CrystalMaker",
	year = "2009",
	url = "http://www.crystalmaker.com/"
}

@Electronic{ Ghemical,
	title = "Ghemical",
	month = "April",
	year = "2009",
	url = "http://www.uku.fi/~thassine/projects/ghemical/"
}

@Article{ Molden,
	title = "Molden: a pre- and post-processing program for molecular and electronic structures",
	author = "G. Schaftenaar and J. H. Noordik",
	journal = "J. Comput.-Aided Mol. Design",
	pages = "123--134",
	volume = "14",
	year = "2000"
}

@Electronic{ CCP1GUI,
	title = "The CCP1 GUI Project",
	month = "April",
	year = "2009",
	url = "http://www.cse.scitech.ac.uk/ccg/software/ccp1gui/"
}

@Electronic{ Gabedit,
	title = "Gabedit",
	author = "Abdul-Rahman Allouche",
	month = "April",
	year = "2009",
	url = "http://gabedit.sourceforge.net/"
}

@Article{ MacMolPlt,
	title = "Macmolplt: a graphical user interface for GAMESS ",
	author = "Brett M. Bode and Mark S. Gordon",
	journal = "J. Mol. Graphics and Modeling",
	pages = "133--138",
	volume = "16",
	number = "3",
	month = "June",
	year = "1998",
	doi = "http://dx.doi.org/10.1016/S1093-3263(99)00002-9"
}

@Electronic{ OpenBabel,
	title = "Open Babel",
	month = "April",
	year = "2009",
	url = "http://openbabel.org/"
}

@Electronic{ Eigen,
	title = "Eigen",
	month = "April",
	year = "2009",
	url = "http://eigen.tuxfamily.org/"
}

